@article{Zhang2021,
	author = {Zhang, Han and Fan, Huawei and Wang, Liang and Wang, Xingang},
	doi = {10.1103/PhysRevE.104.024205},
	issue = {2},
	journal = {Phys. Rev. E},
	numpages = {12},
	pages = {024205},
	title = {Learning {H}amiltonian dynamics with reservoir computing},
	url = {https://link.aps.org/doi/10.1103/PhysRevE.104.024205},
	volume = {104},
	year = {2021}}

@book{Axler2020,
	author = {Axler, Sheldon},
	doi = {10.1007/978-3-030-33143-6},
	publisher = {Springer},
	title = {Measure, Integration \& Real Analysis},
	year = {2020}}

@inproceedings{granot2022drop,
  title={Drop the gan: In defense of patches nearest neighbors as single image generative models},
  author={Granot, Niv and Feinstein, Ben and Shocher, Assaf and Bagon, Shai and Irani, Michal},
  booktitle={Proceedings of the IEEE/CVF Conference on Computer Vision and Pattern Recognition},
  pages={13460--13469},
  year={2022}
  }

